<record><leader>00000cas a2200000 a 4500</leader><controlfield tag="001">10117555</controlfield><controlfield tag="008">831110d18391843iauwr ne      0    0eng  </controlfield><datafield ind1=" " ind2=" " tag="010"><subfield code="a">sn 83016802 </subfield></datafield><datafield ind1=" " ind2=" " tag="040"><subfield code="a">DLC</subfield><subfield code="b">eng</subfield><subfield code="c">DLC</subfield><subfield code="d">NPX</subfield><subfield code="d">NPV</subfield><subfield code="d">INP</subfield><subfield code="d">DLC</subfield><subfield code="d">NVF</subfield><subfield code="d">CVF</subfield><subfield code="d">NVF</subfield><subfield code="d">OCL</subfield><subfield code="d">CVF</subfield><subfield code="d">OCLCQ</subfield><subfield code="d">OCLCO</subfield><subfield code="d">OCLCF</subfield></datafield><datafield ind1="1" ind2=" " tag="029"><subfield code="a">AU@</subfield><subfield code="b">000025784124</subfield></datafield><datafield ind1=" " ind2=" " tag="042"><subfield code="a">pcc</subfield></datafield><datafield ind1=" " ind2=" " tag="043"><subfield code="a">n-us-ia</subfield></datafield><datafield ind1="0" ind2="0" tag="050"><subfield code="a">Newspaper 7770</subfield></datafield><datafield ind1="0" ind2="4" tag="245"><subfield code="a">The Hawk-eye and Iowa patriot.</subfield></datafield><datafield ind1="1" ind2=" " tag="246"><subfield code="i">Published as:</subfield><subfield code="a">Hawkeye and Iowa patriot</subfield><subfield code="f">&lt;Oct. 1, 1840-May 27, 1841&gt;</subfield></datafield><datafield ind1="3" ind2=" " tag="246"><subfield code="a">Hawk-eye &amp; patriot</subfield></datafield><datafield ind1="3" ind2=" " tag="246"><subfield code="a">Hawkeye &amp; patriot</subfield></datafield><datafield ind1="3" ind2=" " tag="246"><subfield code="a">Hawk-eye and patriot</subfield></datafield><datafield ind1="3" ind2=" " tag="246"><subfield code="a">Hawkeye and patriot</subfield></datafield><datafield ind1=" " ind2=" " tag="260"><subfield code="a">Burlington, I.T. [Iowa] :</subfield><subfield code="b">James G. Edwards,</subfield><subfield code="c">1839-</subfield></datafield><datafield ind1=" " ind2=" " tag="300"><subfield code="a">v.</subfield></datafield><datafield ind1=" " ind2=" " tag="310"><subfield code="a">Weekly</subfield></datafield><datafield ind1="0" ind2=" " tag="362"><subfield code="a">Vol. 1, no. 14 (Sept. 5, 1839)-</subfield></datafield><datafield ind1="1" ind2=" " tag="362"><subfield code="a">Ceased in 1843.</subfield></datafield><datafield ind1=" " ind2=" " tag="500"><subfield code="a">Editor: James G. Edwards, &lt;Oct. 21, 1841-Mar. 2, 1843&gt;.</subfield></datafield><datafield ind1=" " ind2="0" tag="651"><subfield code="a">Burlington (Iowa)</subfield><subfield code="v">Newspapers.</subfield></datafield><datafield ind1=" " ind2="7" tag="655"><subfield code="a">Newspapers.</subfield><subfield code="2">fast</subfield><subfield code="0">(OCoLC)fst01423814</subfield></datafield><datafield ind1=" " ind2="7" tag="651"><subfield code="a">Iowa</subfield><subfield code="z">Burlington.</subfield><subfield code="2">fast</subfield><subfield code="0">(OCoLC)fst01216205</subfield></datafield><datafield ind1=" " ind2=" " tag="752"><subfield code="a">United States</subfield><subfield code="b">Iowa</subfield><subfield code="c">Des Moines</subfield><subfield code="d">Burlington.</subfield></datafield><datafield ind1="0" ind2="0" tag="780"><subfield code="t">Iowa patriot (Burlington, Iowa)</subfield><subfield code="w">(DLC)sn 82014130</subfield></datafield><datafield ind1="0" ind2="0" tag="785"><subfield code="t">Hawk-eye (Burlington, Iowa : 1843)</subfield><subfield code="w">(DLC)sn 85049816</subfield></datafield></record>